<record><leader>00000cas a2200000La 4500</leader><controlfield tag="001">173713991</controlfield><controlfield tag="007">hd afb---baca</controlfield><controlfield tag="008">920529d18561861xxuuu nea     0    0eng  </controlfield><datafield ind1=" " ind2=" " tag="010"><subfield code="a">sn 82015776 </subfield></datafield><datafield ind1=" " ind2=" " tag="040"><subfield code="a">DLC</subfield><subfield code="b">eng</subfield><subfield code="c">UBY</subfield><subfield code="d">OCLCF</subfield><subfield code="d">OCLCO</subfield></datafield><datafield ind1="0" ind2="0" tag="245"><subfield code="a">Fort Dodge sentinel</subfield><subfield code="h">[microform].</subfield></datafield><datafield ind1="0" ind2="0" tag="246"><subfield code="a">Fort Dodge frontier sentinel</subfield></datafield><datafield ind1="0" ind2="3" tag="246"><subfield code="a">Sentinel</subfield><subfield code="f">&lt;Aug. 1, 1856-Nov. 12, 1857&gt; ; &lt;Sept. 15-Sept. 29, 1860&gt;</subfield></datafield><datafield ind1=" " ind2=" " tag="260"><subfield code="a">Fort Dodge, Iowa :</subfield><subfield code="b">A.S. White,</subfield><subfield code="c">1856-</subfield></datafield><datafield ind1=" " ind2=" " tag="300"><subfield code="a">v. :</subfield><subfield code="b">ill. ;</subfield><subfield code="c">55-69 cm.</subfield></datafield><datafield ind1=" " ind2=" " tag="310"><subfield code="a">Weekly</subfield></datafield><datafield ind1="0" ind2=" " tag="362"><subfield code="a">Vol. 1, no. 1 (July 31, 1856)-</subfield></datafield><datafield ind1="1" ind2=" " tag="362"><subfield code="a">Ceased in 1861.</subfield></datafield><datafield ind1=" " ind2=" " tag="500"><subfield code="a">Published as: Fort Dodge frontier sentinel, &lt;Dec. 31, 1859-Feb. 18, 1860&gt;.</subfield></datafield><datafield ind1=" " ind2=" " tag="500"><subfield code="a">Publisher varies.</subfield></datafield><datafield ind1=" " ind2=" " tag="500"><subfield code="a">Published every Thursday morning.</subfield></datafield><datafield ind1=" " ind2=" " tag="500"><subfield code="a">"A paper for the family fireside; devoted to moral, intellectual and social improvement, and the dissemination of correct political principles."</subfield></datafield><datafield ind1=" " ind2=" " tag="515"><subfield code="a">Vol. 2, no. 14-   also called whole no. 66-   .</subfield></datafield><datafield ind1=" " ind2=" " tag="533"><subfield code="a">Microfilm.</subfield><subfield code="b">Cleveland :</subfield><subfield code="c">MicroPhoto.</subfield><subfield code="e"> microfilm reels ; 35 mm</subfield><subfield code="f">(Iowa Frontier newspapers : 10)</subfield></datafield><datafield ind1=" " ind2="0" tag="651"><subfield code="a">Fort Dodge (Iowa)</subfield><subfield code="v">Newspapers.</subfield></datafield><datafield ind1=" " ind2="7" tag="655"><subfield code="a">Newspapers.</subfield><subfield code="2">rbgenr</subfield></datafield><datafield ind1=" " ind2="7" tag="655"><subfield code="a">Newspapers.</subfield><subfield code="2">fast</subfield><subfield code="0">(OCoLC)fst01423814</subfield></datafield><datafield ind1=" " ind2="7" tag="651"><subfield code="a">Iowa</subfield><subfield code="z">Fort Dodge.</subfield><subfield code="2">fast</subfield><subfield code="0">(OCoLC)fst01208885</subfield></datafield><datafield ind1="0" ind2=" " tag="730"><subfield code="a">Fort Dodge sentinel.</subfield></datafield><datafield ind1=" " ind2=" " tag="752"><subfield code="a">United States</subfield><subfield code="b">Iowa</subfield><subfield code="d">Fort Dodge.</subfield></datafield><datafield ind1="0" ind2="4" tag="785"><subfield code="t">Fort Dodge Republican</subfield><subfield code="w">(DLC)sn 84038168</subfield></datafield><datafield ind1=" " ind2="0" tag="830"><subfield code="a">Iowa Frontier newspapers:</subfield><subfield code="v">10.</subfield></datafield></record>